@book{allen1995natural,
  title={Natural language understanding},
  author={Allen, James},
  year={1995},
  publisher={Pearson}
}
@book{bird2009natural,
  title={Natural language processing with Python: analyzing text with the natural language toolkit},
  author={Bird, Steven and Klein, Ewan and Loper, Edward},
  year={2009},
  publisher={" O'Reilly Media, Inc."}
}
@article{cortes1995support,
  title={Support-vector networks},
  author={Cortes, Corinna and Vapnik, Vladimir},
  journal={Machine learning},
  volume={20},
  number={3},
  pages={273--297},
  year={1995},
  publisher={Springer}
}
@article{gunn1998support,
  title={Support vector machines for classification and regression},
  author={Gunn, Steve R and others},
  journal={ISIS technical report},
  volume={14},
  number={1},
  pages={5--16},
  year={1998}
}
@inproceedings{goo2018slot,
  title={Slot-Gated Modeling for Joint Slot Filling and Intent Prediction},
  author={Goo, Chih-Wen and Gao, Guang and Hsu, Yun-Kai and Huo, Chih-Li and Chen, Tsung-Chieh and Hsu, Keng-Wei and Chen, Yun-Nung},
  booktitle={Proceedings of the 2018 Conference of the North American Chapter of the Association for Computational Linguistics: Human Language Technologies, Volume 2 (Short Papers)},
  volume={2},
  pages={753--757},
  year={2018}
}
@book{tur2011spoken,
  title={Spoken language understanding: Systems for extracting semantic information from speech},
  author={Tur, Gokhan and De Mori, Renato},
  year={2011},
  publisher={John Wiley \& Sons}
}
@article{caudill1987neural,
  title={Neural networks primer, part I},
  author={Caudill, Maureen},
  journal={AI expert},
  volume={2},
  number={12},
  pages={46--52},
  year={1987},
  publisher={Miller Freeman, Inc.}
}
@article{mitchell1997machine,
  title={Machine learning},
  author={Mitchell, Tom M and others},
  journal={Burr Ridge, IL: McGraw Hill},
  volume={45},
  number={37},
  pages={870--877},
  year={1997}
}
@article{mesnil2015using,
  title={Using recurrent neural networks for slot filling in spoken language understanding},
  author={Mesnil, Gr{\'e}goire and Dauphin, Yann and Yao, Kaisheng and Bengio, Yoshua and Deng, Li and Hakkani-Tur, Dilek and He, Xiaodong and Heck, Larry and Tur, Gokhan and Yu, Dong and others},
  journal={IEEE/ACM Transactions on Audio, Speech, and Language Processing},
  volume={23},
  number={3},
  pages={530--539},
  year={2015},
  publisher={IEEE}
}
@book{harris2004voice,
  title={Voice interaction design: crafting the new conversational speech systems},
  author={Harris, Randy Allen},
  year={2004},
  publisher={Elsevier}
}
@article{bocklisch2017rasa,
  title={Rasa: Open source language understanding and dialogue management},
  author={Bocklisch, Tom and Faulker, Joey and Pawlowski, Nick and Nichol, Alan},
  journal={arXiv preprint arXiv:1712.05181},
  year={2017}
}
@article{spacy2,
   AUTHOR  = {Honnibal, Matthew AND Montani, Ines},
   TITLE   = {spaCy 2: Natural language understanding with Bloom embeddings, convolutional neural networks and incremental parsing},
   YEAR    = {2017},
   JOURNAL = {To appear}
}
@misc{techinsight2016introduction,
	title			= {{An Introduction to Natural Language Processing - Section 3: Fundamental Tasks in NLP}},
	url				= {https://techinsight.com.vn/language/en/an-introduction-to-natural-language-processing-section-3-fundamental-tasks-in-nlp/},
	author			= {{TechInsight}},
	year			= {2016},
	month			= {Dec},
	note			= {Waktu akses: 21/05/2018}
}
@misc{kleinberg2018five,
	title	= {{5 ways voice assistance is shaping consumer behavior}},
	url		= {https://thinkwithgoogle.com/consumer-insights/voice-assistance-consumer-experience/},
	author	= {Sara Kleinberg},
	year	= {2018},
	month	= {Jan},
	note	= {Waktu akses: 30/07/2018}
}
@misc{barnard2018average,
	title	= {{Average Speaking Rate and Words per Minute}},
	url		= {https://virtualspeech.com/blog/average-speaking-rate-words-per-minute},
	author	= {Dom Barnard},
	year	= {2018},
	month	= {Jan},
	note	= {Waktu akses: 19/06/2018}
}
@misc{ratatype,
	title	= {{Average typing speed infographic}},
	url		= {https://ratatype.com/learn/average-typing-speed/},
	author	= {{Ratatype}},
	note	= {Waktu akses: 19/06/2018}
}
@misc{sklearncrf,
	title	= {{sklearn-crfsuite}},
	url		= {https://sklearn-crfsuite.readthedocs.io/en/latest/},
	author	= {Mikhail Korobov},
	note	= {Waktu akses: 04/08/2018}
}
@InProceedings{joulin2017bag,
  title={Bag of Tricks for Efficient Text Classification},
  author={Joulin, Armand and Grave, Edouard and Bojanowski, Piotr and Mikolov, Tomas},
  booktitle={Proceedings of the 15th Conference of the European Chapter of the Association for Computational Linguistics: Volume 2, Short Papers},
  month={April},
  year={2017},
  publisher={Association for Computational Linguistics},
  pages={427--431},
}
@misc{activate2015tech,
  title = {{Tech, Mobile and Media Outlook 2016}},
  url   = {https://www.slideshare.net/Phildu1/tech-mobile-and-media-outlook-2016},
  author  = {{Activate}},
  year  = {2015},
  note  = {Waktu akses: 01/11/2017}
}
@misc{2013internet,
  title = {{Internet Radio's Audience Turns Marketer Heads}},
  url   = {https://www.emarketer.com/Article/Internet-Radios-Audience-Turns-Marketer-Heads/1009652},
  year  = {2013},
  note  = {Waktu akses: 01/11/2017}
}
@misc{escherich2015market,
  title = {{Market Trends: Voice as a UI on Consumer Devices — What Do Users Want?}},
  url   = {https://www.gartner.com/doc/3021226/market-trends-voice-ui-consumer},
  author  = {Escherich, Meike AND Goertz, Werner},
  year  = {2015},
  month = {April},
  note  = {Waktu akses: 02/11/2017}
}
@article{lample2016neural,
  title={Neural architectures for named entity recognition},
  author={Lample, Guillaume and Ballesteros, Miguel and Subramanian, Sandeep and Kawakami, Kazuya and Dyer, Chris},
  journal={arXiv preprint arXiv:1603.01360},
  year={2016}
}
@misc{sasank2017spoken,
  title = {{Keras Tutorial - Spoken Language Understanding}},
  url   = {https://chsasank.github.io/spoken-language-understanding.html},
  author  = {Sasank Chilamkurthy},
  year  = {2017},
  month = {January},
  note  = {Waktu akses: 26/06/2018}
}
@article{chiu2015named,
  title={Named entity recognition with bidirectional LSTM-CNNs},
  author={Chiu, Jason PC and Nichols, Eric},
  journal={arXiv preprint arXiv:1511.08308},
  year={2015}
}
@misc{kbbi,
  title = {{KBBI Daring}},
  url   = {https://kbbi.kemdikbud.go.id/},
  author  = {{Kementerian Pendidikan dan Kebudayaan Indonesia}},
  year  = {2016},
  note  = {Waktu akses: 14/11/2018}
}
@misc{tech2005imbot,
  title = {{What is IM bot? - Definition from WhatIs.com}},
  url   = {https://searchdomino.techtarget.com/definition/IM-bot},
  author  = {{Tech Target}},
  year  = {2005},
  month = {September},
  note  = {Waktu akses: 14/11/2018}
}
@inproceedings{tjong2000introduction,
  title={Introduction to the CoNLL-2000 shared task: Chunking},
  author={Tjong Kim Sang, Erik F and Buchholz, Sabine},
  booktitle={Proceedings of the 2nd workshop on Learning language in logic and the 4th conference on Computational natural language learning-Volume 7},
  pages={127--132},
  year={2000},
  organization={Association for Computational Linguistics}
}
@inproceedings{levenshtein1966binary,
  title={Binary codes capable of correcting deletions, insertions, and reversals},
  author={Levenshtein, Vladimir I},
  booktitle={Soviet physics doklady},
  volume={10},
  number={8},
  pages={707--710},
  year={1966}
}
@book{naim2012kewarganegaraan,
  title={Kewarganegaraan, Suku Bangsa, Agama dan Bahasa Sehari-hari Penduduk Indonesia: Hasil Sensus Penduduk 2010},
  author={Na’im, Akhsan and Syaputra, Hendry},
  year={2012},
  publisher={Badan Pusat Statistik}
}
@article{bojanowski2016enriching,
  author    = {Bojanowski, Piotr and
               Grave, Edouard and
               Joulin, Armand and
               Mikolov, Tomas},
  title     = {Enriching Word Vectors with Subword Information},
  journal   = {CoRR},
  volume    = {abs/1607.04606},
  year      = {2016},
  url       = {http://arxiv.org/abs/1607.04606},
  archivePrefix = {arXiv},
  eprint    = {1607.04606},
  timestamp = {Mon, 13 Aug 2018 16:46:11 +0200},
  biburl    = {https://dblp.org/rec/bib/journals/corr/BojanowskiGJM16},
  bibsource = {dblp computer science bibliography, https://dblp.org}
}
@article{saragih2017normalisasi,
  title={Normalisasi Teks pada Teks Twitter Berbahasa Indonesia menggunakan Algoritme Jarak \textit{String} pada R},
  author={Saragih, Tri Sony},
  year={2017}
}
@misc{gartnernatural,
  title = {{Natural-Language Understanding - Gartner IT Glossary}},
  url   = {https://www.gartner.com/it-glossary/nlu-natural-language-understanding},
  author  = {{Gartner}},
  note  = {Waktu akses: 30/01/2019}
}
@article{van2014stringdist,
  title={The stringdist package for approximate string matching},
  author={Van der Loo, Mark PJ},
  journal={The R Journal},
  volume={6},
  number={1},
  pages={111--122},
  year={2014}
}
@article{needleman1970general,
  title={A General Method Applicable to the Search for Similarities in the Amino Acid Sequence of Two Proteins},
  journal={Journal of Molecular Biology},
  author={Needleman, Saul B. and Wunsch, Christian D.},
  year={1970},
  pages={443–453}
}
@book{chaer1995sosiolinguistik,
  title={Sosiolinguistik: Suatu Pengantar},
  author={Chaer, Abdul and Agustina, Leoni},
  year={1995},
  publisher={Rineka Cipta}
}
@misc{yao2017four,
	title			= {{4 Approaches To Natural Language Processing \& Understanding}},
	url				= {https://www.topbots.com/4-different-approaches-natural-language-processing-understanding/},
	author			= {Maria Yao},
	year			= {2017},
	month			= {May},
	note			= {Waktu akses: 02/02/2019}
}
@book{schutze2008introduction,
  title={Introduction to information retrieval},
  author={Sch{\"u}tze, Hinrich and Manning, Christopher D and Raghavan, Prabhakar},
  volume={39},
  year={2008},
  publisher={Cambridge University Press}
}
@misc{sinaukbbi,
	title			= {{KBBI Offline Remake with Qt}},
	url				= {https://github.com/bgli/kbbi-qt},
	author			= {{Sinau Development}},
	note			= {Waktu akses: 01/02/2019}
}
@inproceedings{lanin2013distribusi,
  title={Perbanidngan Distribusi Frekuensi Kata Bahasa Indonesia di Kompas, Wikipedia, Twitter, dan Kaskus},
  author={Lanin, Ivan and Geovedi, Jim and Soegijoko, Wijak},
  booktitle={KOLITA 11: Konferensi Linguistik Tahunan Atma Jaya Kesebelas, Jakarta, 1-2 Mei 2013},
  pages={249--252},
  year={2013}
}
@misc{ray2015essentials,
	title			= {{Essentials of Machine Learning Algorithms (with Python and R Codes)}},
	url				= {https://www.analyticsvidhya.com/blog/2017/09/common-machine-learning-algorithms/},
	author			= {Sunil Ray},
  year      = {2015},
  month     = {September},
	note  		= {Waktu akses: 03/02/2019}
}
@misc{brownlee2017what,
	title			= {{What Are Word Embeddings for Text?}},
	url				= {https://machinelearningmastery.com/what-are-word-embeddings/},
	author			= {Jason Brownlee},
  year      = {2017},
  month     = {October},
	note  		= {Waktu akses: 04/02/2019}
}
@article{Rong2014word2vecPL,
  title={word2vec Parameter Learning Explained},
  author={Rong, Xin},
  journal={CoRR},
  year={2014},
  volume={abs/1411.2738}
}
@misc{pythoncsv,
	title			= {{14.1. csv — CSV File Reading and Writing — Python 3.6.8 documentation}},
	url				= {https://docs.python.org/3.6/library/csv.html},
	author			= {{Python Software Foundation}},
	note  		= {Waktu akses: 07/02/2019}
}
@misc{olson2016just,
  title = {{Just say it: The future of search is voice and personal digital assistants}},
  author = {Christi Olson},
  url   = {https://www.campaignlive.co.uk/article/just-say-it-future-search-voice-personal-digital-assistants/1392459},
  month = {April},
  year  = {2016},
  note  = {Waktu akses: 25/01/2019}
}
@article{winkler1990string,
  title={String Comparator Metrics and Enhanced Decision Rules in the Fellegi-Sunter Model of Record Linkage.},
  author={Winkler, William E},
  year={1990},
  publisher={ERIC}
}
@article{jaro1989advances,
  title={Advances in record-linkage methodology as applied to matching the 1985 census of Tampa, Florida},
  author={Jaro, Matthew A},
  journal={Journal of the American Statistical Association},
  volume={84},
  number={406},
  pages={414--420},
  year={1989},
  publisher={Taylor \& Francis Group}
}
@misc{orsiniumtext,
	title			= {{orsinium/textdistance: Compute distance between sequences. 30+ algorithms, pure python implementation, common interface, optional external libs usage.}},
	url				= {https://github.com/orsinium/textdistance},
	author			= {{orsinium}},
	note			= {Waktu akses: 25/02/2019}
}